@book{nielsen2010,
  title      = {Quantum Computation and Quantum Information: 10th Anniversary Edition},
  shorttitle = {Quantum Computation and Quantum Information},
  author     = {Michael A. Nielsen and Isaac L. Chuang},
  year       = {2010},
  month      = dec,
  publisher  = {Cambridge University Press},
  doi        = {10.1017/CBO9780511976667},
  journal    = {Higher Education from Cambridge University Press}
}

@article{zhang2020depth,
  title     = {Depth optimization of quantum search algorithms beyond Grover's algorithm},
  author    = {Kun Zhang and Vladimir E. Korepin},
  journal   = {Physical Review A},
  volume    = {101},
  number    = {3},
  pages     = {032346},
  year      = {2020},
  publisher = {APS},
  doi       = {10.1103/PhysRevA.101.032346}
}

@article{2009Exact,
  title   = {Exact quantum lower bound for Grover's problem},
  author  = { Dohotaru, Catalin  and  Hoyer, Peter },
  journal = {Quantum Information \& Computation},
  volume  = {9},
  number  = {5},
  pages   = {533-540},
  year    = {2009}
}

@article{Long_2001,
  title     = {Grover algorithm with zero theoretical failure rate},
  volume    = {64},
  issn      = {1094-1622},
  url       = {http://dx.doi.org/10.1103/PhysRevA.64.022307},
  doi       = {10.1103/physreva.64.022307},
  number    = {2},
  journal   = {Physical Review A},
  publisher = {American Physical Society (APS)},
  author    = {Long, G. L.},
  year      = {2001},
  month     = jul
}